<?xml version="1.0" encoding="utf-8"?>
<record xmlns="http://www.loc.gov/MARC21/slim" xmlns:xsi="http://www.w3.org/2001/XMLSchema-instance" xsi:schemaLocation="http://www.loc.gov/MARC21/slim http://www.loc.gov/standards/marcxml/schema/MARC21slim.xsd">
	<leader>     nam a22        4500</leader>
	<controlfield tag="001">b12664388</controlfield>
	<controlfield tag="003">LeBAU</controlfield>
	<controlfield tag="006">m        d        </controlfield>
	<controlfield tag="007">cr cn |||m|||a</controlfield>
	<controlfield tag="008">171023s1910    sy      o     ||0 0 ara d</controlfield>
	<datafield ind1=" " ind2=" " tag="040">
		<subfield code="a">NNU</subfield>
		<subfield code="b">ara</subfield>
		<subfield code="e">rda</subfield>
		<subfield code="c">NNU</subfield>
	</datafield>
	<datafield ind1=" " ind2="4" tag="050">
		<subfield code="a">DT104.5</subfield>
		<subfield code="b">.A24 1910</subfield>
	</datafield>
	<datafield ind1="0" ind2="4" tag="082">
		<subfield code="a">923.162</subfield>
		<subfield code="2">20</subfield>
	</datafield>
	<datafield ind1="1" ind2=" " tag="100">
		<subfield code="6">880-01</subfield>
		<subfield code="a">Abkāriyūs, Iskandar ibn Yaʻqūb,</subfield>
		<subfield code="d">-1885,</subfield>
		<subfield code="e">author.</subfield>
	</datafield>
	<datafield ind1="1" ind2="3" tag="245">
		<subfield code="6">880-02</subfield>
		<subfield code="a">al-Manāqib al-Ibrāhīmīyah wa-al-maʼāthir al-khidīwīyah /</subfield>
		<subfield code="c">taʼlīf ‘Izzatlū Iskandar Abkāriyūs bi-muʻāwanat janāb al-humām al-mājid man ittaṣafa bi-al-makārim wa-al-maḥāmid ‘Izzatlū Muḥammad Afandī Mikkāwī al-muḥtaram. Wa-fī ākhirihi Lawʻat al-shākī wa-damʻat al-bākī / lil-‘allāmah al-humām al-mu’allif al-Shaykh Ṣalāḥ al-Dīn Khalīl ibn Aybak al-Ṣafadī.</subfield>
	</datafield>
	<datafield ind1=" " ind2="1" tag="264">
		<subfield code="6">880-03</subfield>
		<subfield code="a">[Ḥimṣ] :</subfield>
		<subfield code="b">Maṭbaʻat Ḥimṣ,</subfield>
		<subfield code="c">1910.</subfield>
	</datafield>
	<datafield ind1=" " ind2=" " tag="300">
		<subfield code="6">880-04</subfield>
		<subfield code="a">online resource (157 pages)</subfield>
	</datafield>
	<datafield ind1=" " ind2=" " tag="336">
		<subfield code="a">text</subfield>
		<subfield code="2">rdacontent</subfield>
	</datafield>
	<datafield ind1=" " ind2=" " tag="337">
		<subfield code="a">computer</subfield>
		<subfield code="2">rdamedia</subfield>
	</datafield>
	<datafield ind1=" " ind2=" " tag="338">
		<subfield code="a">online resource</subfield>
		<subfield code="2">rdacarrier</subfield>
	</datafield>
	<datafield ind1=" " ind2=" " tag="500">
		<subfield code="a">Part of the Arabic Collections Online (ACO) project, contributed by American University of Beirut's Jafet Memorial Library.</subfield>
	</datafield>
	<datafield ind1=" " ind2=" " tag="533">
		<subfield code="a">Electronic reproduction.</subfield>
		<subfield code="b">New York, N.Y. :</subfield>
		<subfield code="c">New York University,</subfield>
		<subfield code="d">2017.</subfield>
		<subfield code="5">NNU</subfield>
	</datafield>
	<datafield ind1=" " ind2=" " tag="590">
		<subfield code="6">880-05</subfield>
		<subfield code="a">The book Lawʻat al-shākī wa-damʻat al-bākī is missing from this copy.</subfield>
	</datafield>
	<datafield ind1="0" ind2="0" tag="600">
		<subfield code="6">880-06</subfield>
		<subfield code="a">Ibrahim</subfield>
		<subfield code="c">Pasha,</subfield>
		<subfield code="d">1789-1848.</subfield>
	</datafield>
	<datafield ind1=" " ind2="0" tag="650">
		<subfield code="6">880-07</subfield>
		<subfield code="a">Arabic poetry</subfield>
		<subfield code="x">History and criticism</subfield>
		<subfield code="v">Early works to 1800.</subfield>
	</datafield>
	<datafield ind1=" " ind2="0" tag="651">
		<subfield code="6">880-08</subfield>
		<subfield code="a">Egypt</subfield>
		<subfield code="x">History</subfield>
		<subfield code="y">Mohammed Ali, 1805-1849.</subfield>
	</datafield>
	<datafield ind1=" " ind2="0" tag="651">
		<subfield code="6">880-09</subfield>
		<subfield code="a">Egypt</subfield>
		<subfield code="x">Kings and rulers.</subfield>
	</datafield>
	<datafield ind1="1" ind2=" " tag="700">
		<subfield code="6">880-10</subfield>
		<subfield code="a">Makkāwī, Muḥammad,</subfield>
		<subfield code="e">author.</subfield>
	</datafield>
	<datafield ind1="1" ind2="2" tag="700">
		<subfield code="6">880-11</subfield>
		<subfield code="a">Ṣafadī, Khalīl ibn Aybak,</subfield>
		<subfield code="d">approximately 1297-1363.</subfield>
		<subfield code="t">Lawʻat al-shākī wa-damʻat al-bākī.</subfield>
	</datafield>
	<datafield ind1="2" ind2=" " tag="710">
		<subfield code="a">Jafet Memorial Library.</subfield>
	</datafield>
	<datafield ind1="0" ind2=" " tag="730">
		<subfield code="a">Arabic Collections Online.</subfield>
	</datafield>
	<datafield ind1="0" ind2="8" tag="776">
		<subfield code="i">Print version:</subfield>
		<subfield code="a">Abkāriyūs, Iskandar ibn Yaʻqūb, -1885, author.</subfield>
		<subfield code="t">al-Manāqib al-Ibrāhīmīyah wa-al-maʼāthir al-khidīwīyah</subfield>
		<subfield code="w">(LeBAU)b12664388</subfield>
	</datafield>
	<datafield ind1="0" ind2=" " tag="787">
		<subfield code="6">880-12</subfield>
		<subfield code="a">Lawʻat al-shākī wa-damʻat al-bākī</subfield>
		<subfield code="d">Dimashq, Sūrīyah : Dār al-Bashā’ir, 2005</subfield>
		<subfield code="w">(OCoLC)784587808</subfield>
		<subfield code="w">(OCoLC)784587808</subfield>
	</datafield>
	<datafield ind1="4" ind2="0" tag="856">
		<subfield code="u">http://hdl.handle.net/2333.1/prr4xp8r</subfield>
	</datafield>
	<datafield ind1="1" ind2=" " tag="880">
		<subfield code="6">100-01/r</subfield>
		<subfield code="a">ابكاريوس، اسكندر ابن يعقوب،</subfield>
		<subfield code="d">-1885،</subfield>
		<subfield code="e">مؤلف.</subfield>
		<subfield code="4">aut.</subfield>
	</datafield>
	<datafield ind1="1" ind2="2" tag="880">
		<subfield code="6">245-02/r</subfield>
		<subfield code="a">المناقب الإبراهيمية و المآثر الخديوية /</subfield>
		<subfield code="c">تأليف عزتلو إسكندر أبكاريوس بمعاونة جناب الهمام الماجد من إتصف بالمكارم والمحامد عزتلو محمد أفندي مكاوي المحترم. وفي آخره لوعة الشاكي ودمعة الباكي / للعلامة الهمام المؤلف الشيخ صلاح الدين خليل ابن ايبك الصفدي.</subfield>
	</datafield>
	<datafield ind1=" " ind2="1" tag="880">
		<subfield code="6">264-03/r</subfield>
		<subfield code="a">[حمص] :</subfield>
		<subfield code="b">مطبعة حمص،</subfield>
		<subfield code="c">1910.</subfield>
	</datafield>
	<datafield ind1=" " ind2=" " tag="880">
		<subfield code="6">300-04/r</subfield>
		<subfield code="a">175 صفحة ؛</subfield>
		<subfield code="c">22 سم</subfield>
	</datafield>
	<datafield ind1=" " ind2=" " tag="880">
		<subfield code="6">590-05/r</subfield>
		<subfield code="a">كتاب لوعة الشاكي ودمعة الباكي غير متوفر في داخل الكتاب.</subfield>
	</datafield>
	<datafield ind1="0" ind2="4" tag="880">
		<subfield code="6">600-06/r</subfield>
		<subfield code="a">إبراهيم</subfield>
		<subfield code="c">باشا،</subfield>
		<subfield code="d">1790-1848.</subfield>
	</datafield>
	<datafield ind1=" " ind2="4" tag="880">
		<subfield code="6">650-07/r</subfield>
		<subfield code="a">الشعر العربي</subfield>
		<subfield code="x">تاريخ ونقد</subfield>
		<subfield code="v">اعمال قديمة حتى 1800.</subfield>
	</datafield>
	<datafield ind1=" " ind2="4" tag="880">
		<subfield code="6">651-08/r</subfield>
		<subfield code="a">مصر</subfield>
		<subfield code="x">تاريخ</subfield>
		<subfield code="y">محمد علي، 1805-1849.</subfield>
	</datafield>
	<datafield ind1=" " ind2="4" tag="880">
		<subfield code="6">651-09/r</subfield>
		<subfield code="a">مصر</subfield>
		<subfield code="x">الملوك والحكام.</subfield>
	</datafield>
	<datafield ind1="1" ind2=" " tag="880">
		<subfield code="6">700-10/r</subfield>
		<subfield code="a">مكاوي، محمد،</subfield>
		<subfield code="e">مؤلف.</subfield>
		<subfield code="4">aut.</subfield>
	</datafield>
	<datafield ind1="1" ind2="2" tag="880">
		<subfield code="6">700-11/r</subfield>
		<subfield code="a">الصفدي، خليل بن ايبك،</subfield>
		<subfield code="d">حوالي 1297-1363.</subfield>
		<subfield code="t">لوعة الشاكي ودمعة الباكي.</subfield>
	</datafield>
	<datafield ind1="0" ind2=" " tag="880">
		<subfield code="6">787-12/r</subfield>
		<subfield code="a">لوعة الشاكي ودمعة الباكي</subfield>
		<subfield code="d">دمشق، سورية : دار البشائر، 2005</subfield>
		<subfield code="w">b14531082</subfield>
		<subfield code="w">(OCoLC)784587808</subfield>
	</datafield>
	<datafield ind1=" " ind2=" " tag="959">
		<subfield code="a">NNU</subfield>
		<subfield code="b">WEB</subfield>
		<subfield code="c">GENI</subfield>
		<subfield code="t">0</subfield>
		<subfield code="m">Electronic access</subfield>
		<subfield code="s">01</subfield>
	</datafield>
	<datafield ind1=" " ind2=" " tag="999">
		<subfield code="i">LeBAU_b12664388</subfield>
		<subfield code="s">aub_aco001262</subfield>
		<subfield code="e">(ERROR-MISC)</subfield>
		<subfield code="s">aub_aco001262</subfield>
	</datafield>
</record>
